<?xml version="1.0" encoding="UTF-8"?><collection xmlns="http://www.loc.gov/MARC21/slim"><record><leader>00390nam--2200133-i-4500</leader><controlfield tag="001">000015156</controlfield><controlfield tag="002">20161230</controlfield><controlfield tag="005">20161230201031</controlfield><controlfield tag="008">060222s1000------------r-----000-0-eng-d</controlfield><datafield ind1=" " ind2=" " tag="080"><subfield code="a">621.37.029.6(061.3)</subfield></datafield><datafield ind1=" " ind2=" " tag="245"><subfield code="a">Proceedins of the fifth colloquium on microwa ve communications. budapest 24-30, june, 1974</subfield></datafield><datafield ind1=" " ind2=" " tag="260"><subfield code="a">Budapest, Akademiai Kiado, 1974</subfield></datafield><datafield ind1=" " ind2=" " tag="700"><subfield code="a">Bogn©Łr, G</subfield></datafield><datafield ind1=" " ind2=" " tag="852"><subfield code="a">77463</subfield></datafield></record></collection>